<?xml version="1.0" encoding="UTF-8"?><collection xmlns="http://www.loc.gov/MARC21/slim"><record><leader>00396nam--2200145-i-4500</leader><controlfield tag="001">000024583</controlfield><controlfield tag="002">20161230</controlfield><controlfield tag="005">20161230201035</controlfield><controlfield tag="008">060222s1000------------r-----000-0-eng-d</controlfield><datafield ind1=" " ind2=" " tag="080"><subfield code="a">517.9</subfield></datafield><datafield ind1=" " ind2=" " tag="245"><subfield code="a">Integrable systems., selected papers</subfield></datafield><datafield ind1=" " ind2=" " tag="260"><subfield code="a">Cambridge, University Press, 1981, 266p</subfield></datafield><datafield ind1=" " ind2=" " tag="490"><subfield code="a">London Mathematical Society Lecture Notte Series</subfield></datafield><datafield ind1=" " ind2=" " tag="700"><subfield code="a">Novikov, S.P</subfield></datafield><datafield ind1=" " ind2=" " tag="852"><subfield code="a">43940</subfield></datafield></record></collection>